<record xmlns="http://www.loc.gov/MARC21/slim" xmlns:xsi="http://www.w3.org/2001/XMLSchema-instance" xsi:schemaLocation="http://www.loc.gov/MARC21/slim http://www.loc.gov/standards/marcxml/schema/MARC21slim.xsd"><leader>00950cz   2200193n  4500</leader><controlfield tag="001">oca03858441 </controlfield><controlfield tag="005">20001103070337.0</controlfield><controlfield tag="008">950614n| acannaabn          |a aaa     c</controlfield><datafield ind1=" " ind2=" " tag="010"><subfield code="a">nr 95022097 </subfield></datafield><datafield ind1=" " ind2=" " tag="040"><subfield code="a">NNC</subfield><subfield code="b">eng</subfield><subfield code="c">NNC</subfield><subfield code="d">OCoLC</subfield></datafield><datafield ind1="1" ind2=" " tag="100"><subfield code="a">Bibaculus, M. Furius</subfield><subfield code="q">(Marcus Furius),</subfield><subfield code="d">b. 103 B.C.</subfield></datafield><datafield ind1="1" ind2=" " tag="400"><subfield code="a">Bibaculus, Marcus Furius,</subfield><subfield code="d">b. 103 B.C.</subfield></datafield><datafield ind1="1" ind2=" " tag="400"><subfield code="a">Furius Bibaculus, M.</subfield><subfield code="q">(Marcus),</subfield><subfield code="d">b. 103 B.C.</subfield></datafield><datafield ind1="1" ind2=" " tag="400"><subfield code="a">Furius Bibaculus, Marcus,</subfield><subfield code="d">b. 103 B.C.</subfield></datafield><datafield ind1="0" ind2=" " tag="400"><subfield code="a">M. Furius Bibaculus</subfield><subfield code="q">(Marcus Furius Bibaculus),</subfield><subfield code="d">b. 103 B.C.</subfield></datafield><datafield ind1=" " ind2=" " tag="670"><subfield code="a">His Carmina [CF] 1991:</subfield><subfield code="b">PHI CD ROM #5.3, Latin Canon, bibliographic screen (M. Furius Bibaculus)</subfield></datafield><datafield ind1=" " ind2=" " tag="670"><subfield code="a">Oxford class. dict., 1st ed.:</subfield><subfield code="b">p. 136 (Bibaculus, Marcus Furius; b. at Cremona 103 B.C.; coupled with Catullus by Quintilian and Tacitus)</subfield></datafield><datafield ind1=" " ind2=" " tag="670"><subfield code="a">Pauly-Wissowa:</subfield><subfield code="b">13. Halbband., col. 320-322; "Furius", #37 (M. Furius Bibaculus)</subfield></datafield><datafield ind1=" " ind2=" " tag="670"><subfield code="a">NUC pre-56:</subfield><subfield code="b">v. 188, p. 124 (Furius Bibaculus, Marcus)</subfield></datafield></record>